@article{kermack1927contribution,
  title={A contribution to the mathematical theory of epidemics},
  author={Kermack, William Ogilvy and McKendrick, Anderson Gray},
  journal={Proceedings of the Royal Society of London. Series A, Containing Papers of a Mathematical and Physical Character},
  volume={115},
  number={772},
  pages={700--721},
  year={1927},
  publisher={The Royal Society}
}

@misc{ferguson2020impact,
  author={Ferguson, Neil M and Laydon, Daniel and Nedjati-Gilani, Gemma and others},
  title={Impact of non-pharmaceutical interventions (NPIs) to reduce COVID-19 mortality and healthcare demand},
  howpublished={\url{https://doi.org/10.25561/77482}},
  year={2020},
  note={Imperial College London Report 9, [Accessed 8-Jul-2025]}
}

@article{flaxman2020estimating,
  title={Estimating the effects of non-pharmaceutical interventions on COVID-19 in Europe},
  author={Flaxman, Seth and Mishra, Swapnil and Gandy, Axel and others},
  journal={Nature},
  volume={584},
  number={7820},
  pages={257--261},
  year={2020},
  publisher={Nature Publishing Group}
}

@article{giordano2020modelling,
  title={Modelling the COVID-19 epidemic and implementation of population-wide interventions in Italy},
  author={Giordano, Giulia and Blanchini, Franco and Bruno, Raffaele and others},
  journal={Nature Medicine},
  volume={26},
  number={6},
  pages={855--860},
  year={2020},
  publisher={Nature Publishing Group}
}

@article{colizza2007invasion,
  title={Invasion threshold in heterogeneous metapopulation networks},
  author={Colizza, Vittoria and Pastor-Satorras, Romualdo and Vespignani, Alessandro},
  journal={Nature Physics},
  volume={3},
  number={4},
  pages={276--282},
  year={2007},
  publisher={Nature Publishing Group}
}

@article{vespignani2008,
  title={Epidemic processes in complex networks},
  author={Colizza, Vittoria and Vespignani, Alessandro},
  journal={Journal of Theoretical Biology},
  volume={251},
  number={3},
  pages={450--467},
  year={2008},
  publisher={Elsevier}
}

@article{ball1997,
  title={Epidemics with two levels of mixing},
  author={Ball, Frank and Mollison, Denis and Scalia-Tomba, Gianpaolo},
  journal={The Annals of Applied Probability},
  volume={7},
  number={1},
  pages={46--89},
  year={1997},
  publisher={Institute of Mathematical Statistics}
}


@article{pastor2001epidemic,
  title={Epidemic spreading in scale-free networks},
  author={Pastor-Satorras, Romualdo and Vespignani, Alessandro},
  journal={Physical Review Letters},
  volume={86},
  number={14},
  pages={3200--3203},
  year={2001},
  publisher={American Physical Society}
}
@article{colizza2008,
  title={Epidemic modeling in metapopulation systems with heterogeneous coupling pattern: Theory and simulations},
  author={Colizza, Vittoria and Vespignani, Alessandro},
  journal={Journal of Theoretical Biology},
  volume={251},
  number={3},
  pages={450--467},
  year={2008},
  publisher={Elsevier},
  doi={10.1016/j.jtbi.2007.11.028}
}
@article{cross2007,
  title={Dual hierarchies in metapopulation disease dynamics},
  author={Cross, Paul C and Lloyd-Smith, James O and Getz, Wayne M},
  journal={Ecology Letters},
  volume={10},
  number={6},
  pages={587--595},
  year={2007},
  publisher={Wiley Online Library},
  doi={10.1111/j.1461-0248.2007.01050.x}
}

@book{murray2005,
  title={Mathematical Biology: I. An Introduction},
  author={Murray, James D},
  series={Interdisciplinary Applied Mathematics},
  volume={17},
  edition={Third},
  year={2005},
  publisher={Springer},
  doi={10.1007/b98868}
}
% ChatGPT
@misc{OpenAI2025,
  author = {OpenAI},
  title = {ChatGPT (Feb 15, 2025 version)},
  year = {2025},
  url = {https://openai.com/chatgpt},
  note = {Accessed: 2025-02-15}
}