
%SCI Data for Good page 
@misc{facebookSocialConnectedness,
	author = {},
	title = {{S}ocial {C}onnectedness {I}ndex --- dataforgood.facebook.com},
	howpublished = {\url{https://dataforgood.facebook.com/dfg/docs/methodology-social-connectedness-index}},
	year = {},
	note = {[Accessed 13-Feb-2025]},
}

% Article of SCI 
@article{Bailey2018,
	author = {Bailey, R. and Cao, T. and Kuchler, J. and Stroebel, J. and Wong, A.},
	title = {Social connectedness: Measurements, determinants, and effects},
	journal = {Journal of Economic Perspectives},
	volume = {32},
	number = {3},
	pages = {259--280},
	year = {2018},
}


% Fips codes are associated to state and county names 
@misc{ChuckConnellFIPS2County,
	author = {Chuck Connell},
	title = {FIPS2County Dataset},
	howpublished = {\url{https://github.com/ChuckConnell/articles/blob/master/fips2county.tsv}},
	note = {[Accessed 1 February 2025]},
}

% Fips codes, county names and lat-long of counties 
@misc{RussellSamoraGist,
	author = {Russell Samora},
	title = {Gist: 12be4f9f574e92413ea3f92ce1bc58e6},
	howpublished = {\url{https://gist.github.com/russellsamora/12be4f9f574e92413ea3f92ce1bc58e6}},
	note = {[Accessed 1 February 2025]},
}

% county-county dataset from data for Good 
@misc{HUMDataSocialConnectedness,
	author = {Humanitarian Data Exchange},
	title = {Social Connectedness Index - County Dataset},
	howpublished = {\url{https://data.humdata.org/dataset/social-connectedness-index#}},
	note = {[Accessed 1 February 2025]},
}

% Population of counties 
@misc{USCensusACS2021,
  author    = {{U.S. Census Bureau}},
  title     = {Population Estimates - ACS 2017-2021 (Counties)},
  year      = {2021},
  url       = {https://mce-data-uscensus.hub.arcgis.com/datasets/USCensus::population-acs-2017-2021-counties/about},
  note      = {Accessed: February 13, 2025}
}

% Article on some considerations on distance 
@article{NairAndris2024,
  author    = {Shruthy Nair and Clio Andris},
  title     = {The Relative Probability of Facebook Friendship in the United States},
  journal   = {EPB: Urban Analytics and City Science},
  year      = {2024},
  doi       = {10.1177/23998083241272094},
  url       = {https://journals.sagepub.com/doi/10.1177/23998083241272094}
}

& Pennsylvania geographic map 
@misc{freeworldmaps2025,
  author = {Free World Maps},
  title = {Map of Pennsylvania, United States},
  year = {2025},
  url = {https://www.freeworldmaps.net/united-states/pennsylvania/map.html},
  note = {Accessed: 2025-02-15}
}

% ChatGPT
@misc{OpenAI2025,
  author = {OpenAI},
  title = {ChatGPT (Feb 15, 2025 version)},
  year = {2025},
  url = {https://openai.com/chatgpt},
  note = {Accessed: 2025-02-15}
}

% Montana Map 
@misc{FreeWorldMapsMontana2025,
  author = {Free World Maps},
  title = {Montana Map, United States},
  year = {2025},
  url = {https://www.freeworldmaps.net/united-states/montana/map.html},
  note = {Accessed: 2025-02-15}
}